@article{garcia2021ran,
	title={O-ran: Disrupting the virtualized ran ecosystem},
	author={Garcia-Saavedra, Andres and Costa-Perez, Xavier},
	journal={IEEE Comm. Standards Mag.},
	year={2021},
	publisher={IEEE}
}

@article{foukas2017network,
	title={Network slicing in 5G: Survey and challenges},
	author={Foukas, Xenofon and Patounas, Georgios and Elmokashfi, Ahmed and Marina, Mahesh K},
	journal={IEEE Comm. Mag.},
	volume={55},
	number={5},
	pages={94--100},
	year={2017},
	publisher={IEEE}
}

@article{etsi2020permissioned,
	title={{Permissioned Distributed Ledger (PDL); Landscape of Standards and Technologies; Technical Report}},
	author={{European Telecommunications Standards Institute (ETSI)}},
	year={2020}
}

@misc{boswell2020security,
	title={{Security considerations of Open RAN}},
	author={Boswell, Jason and Poretsky, Scott},
	year={2020},
	publisher={Ericsson},
	howpublished= "\url{https://www.ericsson.com/en/security/security-considerations-of-open-ran}",
	note = {[Accessed on 3 December 2021]}
}

@article{ITU1400,
	title={{Terms and definitions for distributed ledger technology}},
	author={{ITU-T Rec. X.1400}},
	year={2020},
	journal={},
	publisher={ITU-T}
}

@article{konig2020comparing,
	title={Comparing Blockchain Standards and Recommendations},
	author={{L. K{\"o}nig et al.}},
	journal={Future Internet},
	volume={12},
	number={12},
	pages={222},
	year={2020},
	publisher={Multidisciplinary Digital Publishing Institute}
}

@article{xu2020blockchain,
	title={{Blockchain-enabled resource management and sharing for 6G communications}},
	author={{H. Xu et al.}},
	journal={Digital Comm. and Networks},
	volume={6},
	number={3},
	pages={261--269},
	year={2020},
	publisher={Elsevier}
}

@article{nguyen2020blockchain,
	title={{Blockchain for 5G and beyond networks: A state of the art survey}},
	author={{N. D. Nguyen et al.}},
	journal={JNCA},
	pages={102693},
	year={2020},
	publisher={Elsevier}
}

@article{togou2020dbns,
	title={{DBNS: A Distributed Blockchain-Enabled Network Slicing Framework for 5G Networks}},
	author={{M. A. Togou et al.}},
	journal={IEEE Comm. Mag.},
	volume={58},
	number={11},
	pages={90--96},
	year={2020},
	publisher={IEEE}
}

@article{xu2021ran,
	title={{BE-RAN: Blockchain-enabled RAN with Decentralized Identity Management and Privacy-Preserving Communication}},
	author={{H. Xu et al.}},
	journal={arXiv preprint arXiv:2101.10856},
	year={2021},
	note = {[Accessed on 3 December 2021]}
}

@article{samdanis2016network,
	title={{From network sharing to multi-tenancy: The 5G network slice broker}},
	author={Samdanis, Konstantinos and Costa-Perez, Xavier and Sciancalepore, Vincenzo},
	journal={IEEE Comm. Mag.},
	volume={54},
	number={7},
	pages={32--39},
	year={2016},
	publisher={IEEE}
}

@article{maksymyuk2020blockchain,
	title={{Blockchain-Empowered Framework for Decentralized Network Management in 6G}},
	author={{T. Maksymyuk et al.}},
	journal={IEEE Comm. Mag.},
	volume={58},
	number={9},
	pages={86--92},
	year={2020},
	publisher={IEEE}
}

@book{webb20185g,
	title={The 5G myth},
	author={Webb, William},
	year={2018},
	publisher={De| G Press}
}

@misc{ORANall,
	author	= {{O-RAN Alliance}},
	title 	= {{O-RAN Architecture Description 3.0 \& O-RAN Use Cases detailed specifications}},
	howpublished = "\url{https://www.o-ran.org/resources}",
	note = {[Accessed on 3 December 2021]}
}

@article{FWilhelmi_PIMRC,
	title={Discrete-Time Analysis of Wireless Blockchain Networks},
	author={Wilhelmi, Francesc and Giupponi, Lorenza},
	journal={arXiv preprint arXiv:2104.05586},
	year={2021},
	note = {[Accessed on 3 December 2021]}
}

@article{cai2018decentralized,
	title={Decentralized applications: The blockchain-empowered software system},
	author={{W. Cai et al.}},
	journal={IEEE Access},
	volume={6},
	pages={53019--53033},
	year={2018},
	publisher={IEEE}
}